<?xml version="1.0" encoding="UTF-8"?><collection xmlns="http://www.loc.gov/MARC21/slim"><record><leader>00549nam--2200205-u-4500</leader><controlfield tag="001">000050505</controlfield><controlfield tag="002">20161230</controlfield><controlfield tag="005">20161230201048</controlfield><controlfield tag="008">070704s1000------------r-----000-0-eng-d</controlfield><datafield ind1=" " ind2=" " tag="020"><subfield code="a">1584885114</subfield></datafield><datafield ind1=" " ind2=" " tag="040"><subfield code="a">IFIN-HH</subfield></datafield><datafield ind1=" " ind2=" " tag="080"><subfield code="a">53:02:51.7</subfield></datafield><datafield ind1="1" ind2=" " tag="100"><subfield code="a">Rogalski, Mircea S</subfield></datafield><datafield ind1="1" ind2="0" tag="245"><subfield code="a">Advanced university physics</subfield><subfield code="c">Mircea s. rogalski; stuart b. palmer</subfield></datafield><datafield ind1=" " ind2=" " tag="250"><subfield code="a">Second Edition</subfield></datafield><datafield ind1=" " ind2=" " tag="260"><subfield code="a">New York</subfield><subfield code="b">Chapman &amp; Hall/Crc</subfield><subfield code="c">2006</subfield></datafield><datafield ind1=" " ind2=" " tag="300"><subfield code="a">XV+1006 p</subfield></datafield><datafield ind1="1" ind2=" " tag="700"><subfield code="a">Palmer, Stuart B</subfield></datafield><datafield ind1=" " ind2=" " tag="852"><subfield code="a">81915</subfield><subfield code="c">53</subfield></datafield><datafield ind1=" " ind2=" " tag="CAT"><subfield code="a">Sys</subfield><subfield code="c">20151012</subfield><subfield code="h">082733</subfield></datafield></record></collection>